Science Bibliography Template

This is a small textbook about error analysis.
@book{measurements-and-uncertainties,
  author    = {Ifan G. Hughes and Thomas P. A. Hase},
  title     = {Measurements and their {U}ncertainties},
  date      = {2010},
  subtitle  = {A {P}ractical {G}uide to {M}odern {E}rror {A}nalysis},
  edition   = {1},
  publisher = {OXFORD University Press},
  location  = {Oxford},
  isbn      = {978-0-19-956633-4},
  pagetotal = {136},
  pubstate  = {New York}
}
