Template Bibliography

@article{article-one,
  author  = {John Doe and Jane Doe and Alice and Bob},
  title   = {Title with \emph{Emphasis}},
  journal = {Journal},
  volume  = {1},
  number  = {1},
  pages   = {1-31},
  year    = {2024},
  url     = {URL},
  eprint  = {EPrint}
}
@article{article-two,
  author    = {Homer},
  title     = {Article {T}wo},
  journal   = {Journal},
  publisher = {Publisher},
  volume    = {1},
  number    = {1},
  pages     = {1-17},
  month     = {1},
  year      = {2024},
  url       = {URL}
}
@book{book-one,
  author    = {Hypatia},
  title     = {Book {O}ne {T}itle},
  subtitle  = {A {S}ample {B}ook},
  edition   = {1},
  date      = {2024},
  publisher = {Publisher},
  location  = {Location},
  isbn      = {ISBN},
  pagetotal = {Page Total},
  url       = {URL}
}
@book{book-two,
  author    = {Herodotus},
  title     = {Book {T}wo {T}itle},
  subtitle  = {A {S}ample {B}ook},
  edition   = {1},
  date      = {2024},
  month     = {1},
  day       = {1},
  publisher = {Publisher},
  location  = {Location},
  isbn      = {ISBN},
  pagetotal = {Page Total},
  url       = {URL}
}
