Common Bibliography

This entry refers to the template repository.
@online{latex-template,
  author   = {Hamlet Tanyavong},
  title    = {{L}a{T}e{X}},
  subtitle = {A {L}a{T}e{X} template repository by {H}amlet {T}anyavong.},
  year     = 2024,
  url      = {https://github.com/HamletTanyavong/LaTeX}
}
